@article{svd04,
  title={Singular Value Decomposition and Principal Component Analysis},
  author={Rasmus Elsborg Madsen and Lars Kai Hansen and Ole Winther},
  year={2004}
} 


@BOOK{HZ,
  TITLE = {Multiview Geometry in Computer Vision},
  SUBTITLE = {Projective Geometry and Transformations of 2D},
  AUTHOR = {Richard Hartley and Andrew Zisserman},
  YEAR = {2000}, 
  PUBLISHER = {Cambridge University Press},
}


@BOOK{HD,
  TITLE = {Visual Intelligence: How We Create What We See},
  AUTHOR = {Hoffman, Donald},
  YEAR = {2000}, 
  PUBLISHER = {W. W. Norton},
}


@article{vis04,
author = {Sajda, Paul and Baek, Kyungim},
year = {2004},
month = {06},
pages = {809-21},
title = {Integration of form and motion within a generative model of visual cortex},
volume = {17},
journal = {Neural networks : the official journal of the International Neural Network Society},
doi = {10.1016/j.neunet.2004.03.013}
}

@ARTICLE{defense, 
author={R. I. {Hartley}}, 
journal={IEEE Transactions on Pattern Analysis and Machine Intelligence}, 
title={In defense of the eight-point algorithm}, 
year={1997}, 
volume={19}, 
number={6}, 
pages={580-593}, 
keywords={matrix algebra;noise;stereo image processing;eight-point algorithm;fundamental matrix;uncalibrated cameras;noise susceptibility;normalization;stereo images;Iterative algorithms;Layout;Cameras;Equations;Image reconstruction;Algorithm design and analysis;Stereo vision;Computer vision;Least squares methods}, 
doi={10.1109/34.601246}, 
ISSN={0162-8828}, 
month={June},}